
@article{Su2016,
author = "Zhenwei Su and Emily C. Brown and Weiwei Wang and Roderick MacKinnon",
title = "Novel cell-free high-throughput screening method for pharmacological tools targeting K+ channels",
journal = "Proceedings of the National Academy of Sciences of the United States of America",
volume = "113",
year = "2016",
issue = "20",
pages = "5744--5788"
}

@report{,
   author = "Joshua Vance",
   title = "A SINGLE MOLECULE STUDY ON THE STRUCTURAL BASIS OF ION SELECTIVE PERMEATION IN VOLTAGE-GATED SODIUM CHANNELS",
}

@article{Knuth92,
        author = "D.E. Knuth",
        title = "Two notes on notation",
        journal = "Amer. Math. Monthly",
        volume = "99",
        year = "1992",
        pages = "403--422",
}

@book{ConcreteMath,
        author = "R.L. Graham and D.E. Knuth and O. Patashnik",
        title = "Concrete mathematics",
        publisher = "Addison-Wesley",
        address = "Reading, MA",
        year = "1989"
}

@unpublished{Simpson,
        author = "H. Simpson",
        title = "Proof of the {R}iemann {H}ypothesis",
        note = "preprint (2003), available at
        \texttt{http://www.math.drofnats.edu/riemann.ps}",
        year = "2003"
}

@incollection{Er01,
        author = "P. Erd{\H o}s",
        title = "A selection of problems and results in combinatorics",
        booktitle = "Recent trends in combinatorics (Matrahaza, 1995)",
        publisher = "Cambridge Univ. Press",
        address = "Cambridge",
        pages = "1--6",
        year = "1995"
}
@article{greenwade93,
    author  = "George D. Greenwade",
    title   = "The {C}omprehensive {T}ex {A}rchive {N}etwork ({CTAN})",
    year    = "1993",
    journal = "TUGBoat",
    volume  = "14",
    number  = "3",
    pages   = "342--351"
}
@article{Su2016,
   author = {Zhenwei Su and Emily C. Brown and Weiwei Wang and Roderick MacKinnon},
   issue = {20},
   journal = {Proceedings of the National Academy of Sciences of the United States of America},
   pages = {5748-5753},
   publisher = {National Academy of Sciences},
   title = {Novel cell-free high-throughput screening method for pharmacological tools targeting K+ channels},
   volume = {113},
   year = {2016},
}

}
@report{,
   author = {Joshua Vance},
   title = {A SINGLE MOLECULE STUDY ON THE STRUCTURAL BASIS OF ION SELECTIVE PERMEATION IN VOLTAGE-GATED SODIUM CHANNELS},
}



